@inproceedings{Kang_beyondâ€˜caveman,
    author = {U Kang and Christos Faloutsos},
    title = {Beyond `Caveman Communities': Hubs and Spokes for Graph Compression and Mining},
    booktitle={ICDM},
    year = {2011},
}